<record><leader>00000cas a22000007a 4500</leader><controlfield tag="001">15874072</controlfield><controlfield tag="008">870610d19281929inuwr ne      0    0eng d</controlfield><controlfield tag="009">5452</controlfield><datafield ind1=" " ind2=" " tag="010"><subfield code="a">sn 87056405 </subfield></datafield><datafield ind1=" " ind2=" " tag="040"><subfield code="a">NPI</subfield><subfield code="b">eng</subfield><subfield code="c">NPI</subfield><subfield code="d">OCLCQ</subfield></datafield><datafield ind1=" " ind2=" " tag="042"><subfield code="a">msc</subfield></datafield><datafield ind1="0" ind2="0" tag="245"><subfield code="a">Glen Park news and south Gary district booster.</subfield></datafield><datafield ind1=" " ind2=" " tag="260"><subfield code="a">Glen Park, Gary, Ind. :</subfield><subfield code="b">Glen Park News Corp.,</subfield><subfield code="c">1928-</subfield></datafield><datafield ind1=" " ind2=" " tag="310"><subfield code="a">Weekly</subfield></datafield><datafield ind1="0" ind2=" " tag="362"><subfield code="a">Vol. 1, no. 12 (June 29, 1928)-</subfield></datafield><datafield ind1="1" ind2=" " tag="362"><subfield code="a">Ceased in Mar. 1929.</subfield></datafield><datafield ind1=" " ind2=" " tag="752"><subfield code="a">United States</subfield><subfield code="b">Indiana</subfield><subfield code="c">Lake</subfield><subfield code="d">Gary.</subfield></datafield><datafield ind1="0" ind2="0" tag="780"><subfield code="t">Glen Park news</subfield><subfield code="w">(DLC)sn 87056404</subfield></datafield><datafield ind1="0" ind2="0" tag="785"><subfield code="t">Glen Park news and Gary news weekly</subfield><subfield code="w">(DLC)sn 87056406</subfield></datafield></record>